@inproceedings{BitWeaving,
  author = {Li, Yinan and Patel, Jignesh M.},
  title = {BitWeaving: Fast Scans for Main Memory Data Processing},
  booktitle = {Proceedings of the 2013 ACM SIGMOD International Conference on Management of Data},
  series = {SIGMOD '13},
  year = {2013},
  isbn = {978-1-4503-2037-5},
  location = {New York, New York, USA},
  pages = {289--300},
  numpages = {12},
  url = {http://doi.acm.org/10.1145/2463676.2465322},
  doi = {10.1145/2463676.2465322},
  acmid = {2465322},
  publisher = {ACM},
  address = {New York, NY, USA},
  keywords = {analytics, bit-parallel, indexing, intra-cycle parallelism, storage organization},
}

@article{SIMD-Scan,
  author = {Willhalm, Thomas and Popovici, Nicolae and Boshmaf, Yazan and Plattner, Hasso and Zeier, Alexander and Schaffner, Jan},
  title = {SIMD-scan: Ultra Fast In-memory Table Scan Using On-chip Vector Processing Units},
  journal = {Proc. VLDB Endow.},
  issue_date = {August 2009},
  volume = {2},
  number = {1},
  month = aug,
  year = {2009},
  issn = {2150-8097},
  pages = {385--394},
  numpages = {10},
  url = {http://dx.doi.org/10.14778/1687627.1687671},
  doi = {10.14778/1687627.1687671},
  acmid = {1687671},
  publisher = {VLDB Endowment},
}

@inproceedings{AVX2-Scan,
  author = {Thomas Willhalm and Ismail Oukid and Ingo M{\"{u}}ller and Franz Faerber},
  title = {Vectorizing Database Column Scans with Complex Predicates},
  booktitle = {International Workshop on Accelerating Data Management Systems Using Modern Processor and Storage Architectures - {ADMS} 2013, Riva del Garda, Trento, Italy, August 26, 2013.},
  pages = {1--12},
  year = {2013},
  url = {http://www.adms-conf.org/2013/muller_adms13.pdf},
  timestamp = {Thu, 10 Oct 2013 20:22:25 +0200},
  biburl = {http://dblp.uni-trier.de/rec/bib/conf/vldb/WillhalmO0F13},
  bibsource = {dblp computer science bibliography, http://dblp.org}
}

@inproceedings{ByteSlice,
  author = {Feng, Ziqiang and Lo, Eric and Kao, Ben and Xu, Wenjian},
  title = {ByteSlice: Pushing the Envelop of Main Memory Data Processing with a New Storage Layout},
  booktitle = {Proceedings of the 2015 ACM SIGMOD International Conference on Management of Data},
  series = {SIGMOD '15},
  year = {2015},
  isbn = {978-1-4503-2758-9},
  location = {Melbourne, Victoria, Australia},
  pages = {31--46},
  numpages = {16},
  url = {http://doi.acm.org/10.1145/2723372.2747642},
  doi = {10.1145/2723372.2747642},
  acmid = {2747642},
  publisher = {ACM},
  address = {New York, NY, USA},
  keywords = {column store, main memory, olap, simd, storage layout},
}

@article{SWAR,
  author = {Lamport, Leslie},
  title = {Multiple Byte Processing with Full-word Instructions},
  journal = {Commun. ACM},
  issue_date = {Aug. 1975},
  volume = {18},
  number = {8},
  month = aug,
  year = {1975},
  issn = {0001-0782},
  pages = {471--475},
  numpages = {5},
  url = {http://doi.acm.org/10.1145/360933.360994},
  doi = {10.1145/360933.360994},
  acmid = {360994},
  publisher = {ACM},
  address = {New York, NY, USA},
  keywords = {byte processing, character processing, packed data},
}

@misc{fastpfor,
  title = {The FastPFOR C++ library: Fast integer compression},
  url = {https://github.com/lemire/FastPFOR},
  author = {Lemire, Daniel and  Boytsov, Leonid and Kaser, Owen and Caron, Maxime and Dionne, Louis},
  year = {2012}
}

@misc{intelpcm,
  title= {Intel\textregistered Performance Counter Monitor - A better way to measure CPU utilization},
  url = {http://www.intel.com/software/pcm},
  author = {Dementiev, Roman and Willhalm, Thomas and Bruggeman, Otto and Fay, Patrick and Ungerer,Patrick and Ott, Austen and Lu, Patrick and Harris, James and Kerly, Phil and Konsor, Patrick and Semin, Andrey and Kanaly, Michael and Brazones, Ryan and Shah, Rahul},
  year = {2015}
}

@article{flynnsimd,
  author={Flynn, M.},
  journal={Proceedings of the IEEE},
  title={Very high-speed computing systems},
  year={1966},
  month={Dec},
  volume={54},
  number={12},
  pages={1901-1909},
  keywords={Arithmetic;Art;Computer aided instruction;Hardware;Impedance matching;Large-scale systems;Pervasive computing;Scientific computing;Turing machines},
  doi={10.1109/PROC.1966.5273},
  ISSN={0018-9219}
}

@book{hennessyarch,
 author = {Hennessy, John L. and Patterson, David A.},
 title = {Computer Architecture, Fifth Edition: A Quantitative Approach},
 year = {2011},
 isbn = {012383872X, 9780123838728},
 edition = {5th},
 publisher = {Morgan Kaufmann Publishers Inc.},
 address = {San Francisco, CA, USA},
}

@inproceedings{oneill,
 author = {O'Neil, Patrick and Quass, Dallan},
 title = {Improved Query Performance with Variant Indexes},
 booktitle = {Proceedings of the 1997 ACM SIGMOD International Conference on Management of Data},
 series = {SIGMOD '97},
 year = {1997},
 isbn = {0-89791-911-4},
 location = {Tucson, Arizona, USA},
 pages = {38--49},
 numpages = {12},
 url = {http://doi.acm.org/10.1145/253260.253268},
 doi = {10.1145/253260.253268},
 acmid = {253268},
 publisher = {ACM},
 address = {New York, NY, USA},
} 
